<?xml version="1.0" encoding="UTF-8"?>
<OAI-PMH xmlns="http://www.openarchives.org/OAI/2.0/" xmlns:xsi="http://www.w3.org/2001/XMLSchema-instance" xsi:schemaLocation="http://www.openarchives.org/OAI/2.0/ http://www.openarchives.org/OAI/2.0/OAI-PMH.xsd">
  <ListRecords>
    <record>
      <header>
        <identifier>aleph-publish:000782994</identifier>
      </header>
      <metadata>
        <record xmlns="http://www.ddb.de/professionell/mabxml/mabxml-1.xsd">
          <leader>00242vM2.01200024------u</leader>
          <controlfield tag="LDR">00242vM2.01200024------u</controlfield>
          <controlfield tag="FMT">MU</controlfield>
          <datafield tag="001" ind1="-" ind2="1">
            <subfield code="a">HT008819256</subfield>
          </datafield>
          <datafield tag="001" ind1="-" ind2="2">
            <subfield code="a">HT008742421</subfield>
          </datafield>
          <datafield tag="002" ind1="a" ind2="1">
            <subfield code="a">19981105</subfield>
          </datafield>
          <datafield tag="002" ind1="a" ind2="2">
            <subfield code="a">19980722</subfield>
          </datafield>
          <datafield tag="003" ind1="-" ind2="1">
            <subfield code="a">20070216</subfield>
          </datafield>
          <datafield tag="003" ind1="-" ind2="2">
            <subfield code="a">20030908</subfield>
          </datafield>
          <datafield tag="004" ind1="-" ind2="2">
            <subfield code="a">20031206</subfield>
          </datafield>
          <datafield tag="010" ind1="-" ind2="1">
            <subfield code="a">HT008742421</subfield>
          </datafield>
          <controlfield tag="030">a|1uc||||||||</controlfield>
          <datafield tag="036" ind1="a" ind2="2">
            <subfield code="a">DE</subfield>
          </datafield>
          <datafield tag="037" ind1="b" ind2="2">
            <subfield code="a">ger</subfield>
          </datafield>
          <datafield tag="070" ind1="-" ind2="1">
            <subfield code="a">832</subfield>
          </datafield>
          <datafield tag="070" ind1="-" ind2="2">
            <subfield code="a">292</subfield>
          </datafield>
          <datafield tag="070" ind1="b" ind2="2">
            <subfield code="a">1010</subfield>
          </datafield>
          <datafield tag="080" ind1="-" ind2="1">
            <subfield code="a">60</subfield>
          </datafield>
          <datafield tag="080" ind1="-" ind2="2">
            <subfield code="a">60</subfield>
          </datafield>
          <datafield tag="089" ind1="-" ind2="1">
            <subfield code="a">&lt;rot&gt;</subfield>
          </datafield>
          <datafield tag="090" ind1="-" ind2="1">
            <subfield code="a">rot</subfield>
          </datafield>
          <datafield tag="100" ind1="-" ind2="2">
            <subfield code="p">Theroux, Alexander</subfield>
            <subfield code="9">(DE-588)115807217</subfield>
          </datafield>
          <datafield tag="104" ind1="b" ind2="2">
            <subfield code="p">Bischoff, Michael</subfield>
            <subfield code="9">(DE-588)106846981</subfield>
          </datafield>
          <datafield tag="304" ind1="b" ind2="2">
            <subfield code="a">&lt;&lt;The&gt;&gt; primary colors &lt;dt.&gt;</subfield>
          </datafield>
          <datafield tag="331" ind1="-" ind2="1">
            <subfield code="a">Rot</subfield>
          </datafield>
          <datafield tag="331" ind1="-" ind2="2">
            <subfield code="a">Anleitungen eine Farbe zu lesen</subfield>
          </datafield>
          <datafield tag="359" ind1="-" ind2="2">
            <subfield code="a">Alexander Theroux. Aus dem Amerikan. 체bers. von Michael Bischoff</subfield>
          </datafield>
          <datafield tag="370" ind1="b" ind2="2">
            <subfield code="a">&lt;&lt;The&gt;&gt; secondary colors</subfield>
          </datafield>
          <datafield tag="410" ind1="-" ind2="2">
            <subfield code="a">Hamburg</subfield>
          </datafield>
          <datafield tag="412" ind1="-" ind2="2">
            <subfield code="a">Europ. Verl.-Anst.</subfield>
          </datafield>
          <datafield tag="425" ind1="a" ind2="1">
            <subfield code="a">1998</subfield>
          </datafield>
          <datafield tag="433" ind1="-" ind2="1">
            <subfield code="a">117 S.</subfield>
          </datafield>
          <datafield tag="451" ind1="-" ind2="2">
            <subfield code="a">EVA-Geschenkb체cher</subfield>
          </datafield>
          <datafield tag="502" ind1="-" ind2="2">
            <subfield code="p">Einheitssacht. zu den B채nden "orange", "purple" und "green"</subfield>
            <subfield code="a">&lt;&lt;The&gt;&gt; secondary colors &lt;dt.&gt;</subfield>
          </datafield>
          <datafield tag="516" ind1="-" ind2="2">
            <subfield code="a">Aus dem Amerikan. 체bers.</subfield>
          </datafield>
          <datafield tag="540" ind1="a" ind2="1">
            <subfield code="a">3-434-50447-8</subfield>
            <subfield code="b">Gewebe : DM 24.80, sfr 24.80, S 181.00</subfield>
          </datafield>
          <datafield tag="700" ind1="g" ind2="1">
            <subfield code="a">LH 70080</subfield>
          </datafield>
          <datafield tag="700" ind1="g" ind2="1">
            <subfield code="a">LH 61346</subfield>
          </datafield>
          <datafield tag="902" ind1="-" ind2="1">
            <subfield code="s">Rot</subfield>
            <subfield code="9">(DE-588)4178482-0</subfield>
          </datafield>
          <datafield tag="902" ind1="-" ind2="2">
            <subfield code="s">Farbe</subfield>
            <subfield code="9">(DE-588)4016443-3</subfield>
          </datafield>
          <controlfield tag="SYS">000782994</controlfield>
          <datafield tag="PSW" ind1="-" ind2="2">
            <subfield code="s">Farben</subfield>
            <subfield code="9">(DE-588)4016443-3</subfield>
          </datafield>
          <datafield tag="PSW" ind1="-" ind2="2">
            <subfield code="s">Farben</subfield>
            <subfield code="9">(DE-588)4016443-3</subfield>
          </datafield>
          <datafield tag="PSW" ind1="-" ind2="2">
            <subfield code="s">Farben</subfield>
            <subfield code="9">(DE-588)4016443-3</subfield>
          </datafield>
          <datafield tag="700" ind1=" " ind2=" ">
            <subfield code="a">JYU</subfield>
          </datafield>
          <datafield tag="OWN" ind1=" " ind2=" ">
            <subfield code="a">P0001</subfield>
            <subfield code="n">466</subfield>
          </datafield>
          <datafield tag="PLK" ind1=" " ind2=" ">
            <subfield code="a">UP</subfield>
            <subfield code="l">PAD01</subfield>
            <subfield code="b">000782993</subfield>
            <subfield code="m">&lt;rot&gt;;^.^Rot.^1998</subfield>
            <subfield code="n">Anleitungen eine Farbe zu lesen.^</subfield>
          </datafield>
          <datafield tag="LOC" ind1=" " ind2=" ">
            <subfield code="m">BOOK</subfield>
            <subfield code="a">P0001</subfield>
            <subfield code="b">11</subfield>
            <subfield code="d">JYU1506-ROT</subfield>
            <subfield code="i">03/8426</subfield>
            <subfield code="n">20</subfield>
            <subfield code="k">20030902</subfield>
            <subfield code="5">761898-10</subfield>
          </datafield>
        </record>
      </metadata>
    </record>
  </ListRecords>
</OAI-PMH>
